@article{ATLAS:2017lpx,
    author = "Aaboud, Morad and others",
    collaboration = "ATLAS",
    title = "{Measurement of the production cross section of three isolated photons in $pp$ collisions at $\sqrt{s}$ = 8 TeV using the ATLAS detector}",
    eprint = "1712.07291",
    archivePrefix = "arXiv",
    primaryClass = "hep-ex",
    reportNumber = "CERN-EP-2017-302",
    doi = "10.1016/j.physletb.2018.03.057",
    journal = "Phys. Lett. B",
    volume = "781",
    pages = "55--76",
    year = "2018"
}

@article{ATLAS:2015ify,
    author = "Aad, Georges and others",
    collaboration = "ATLAS",
    title = "{Evidence of W\ensuremath{\gamma}\ensuremath{\gamma} Production in pp Collisions at s=8  TeV and Limits on Anomalous Quartic Gauge Couplings with the ATLAS Detector}",
    eprint = "1503.03243",
    archivePrefix = "arXiv",
    primaryClass = "hep-ex",
    reportNumber = "CERN-PH-EP-2015-009",
    doi = "10.1103/PhysRevLett.115.031802",
    journal = "Phys. Rev. Lett.",
    volume = "115",
    number = "3",
    pages = "031802",
    year = "2015"
}

@article{ATLAS:2023avk,
    author = "Aad, Georges and others",
    collaboration = "ATLAS",
    title = "{Observation of $W\gamma\gamma$ triboson production in proton-proton collisions at $\sqrt{s} = 13$ TeV with the ATLAS detector}",
    eprint = "2308.03041",
    archivePrefix = "arXiv",
    primaryClass = "hep-ex",
    reportNumber = "CERN-EP-2023-037",
    doi = "10.1016/j.physletb.2023.138400",
    journal = "Phys. Lett. B",
    volume = "848",
    pages = "138400",
    year = "2024"
}

@article{ATLAS:2016qjc,
    author = "Aad, Georges and others",
    collaboration = "ATLAS",
    title = "{Measurements of $Z\gamma$ and $Z\gamma\gamma$ production in $pp$ collisions at $\sqrt{s}=$ 8 TeV with the ATLAS detector}",
    eprint = "1604.05232",
    archivePrefix = "arXiv",
    primaryClass = "hep-ex",
    reportNumber = "CERN-EP-2016-049",
    doi = "10.1103/PhysRevD.93.112002",
    journal = "Phys. Rev. D",
    volume = "93",
    number = "11",
    pages = "112002",
    year = "2016"
}

@article{ATLAS:2022wmu,
    author = "Aad, Georges and others",
    collaboration = "ATLAS",
    title = "{Measurement of $Z\gamma \gamma $ production in pp collisions at $\sqrt{s}= 13$~TeV with the ATLAS detector}",
    eprint = "2211.14171",
    archivePrefix = "arXiv",
    primaryClass = "hep-ex",
    reportNumber = "CERN-EP-2022-192",
    doi = "10.1140/epjc/s10052-023-11579-8",
    journal = "Eur. Phys. J. C",
    volume = "83",
    number = "6",
    pages = "539",
    year = "2023"
}

@article{CMS:2017tzy,
    author = "Sirunyan, A. M. and others",
    collaboration = "CMS",
    title = "{Measurements of the pp $\to W\gamma\gamma$ and pp $\to Z\gamma\gamma$ cross sections and limits on anomalous quartic gauge couplings at $ \sqrt{s}=8 $ TeV}",
    eprint = "1704.00366",
    archivePrefix = "arXiv",
    primaryClass = "hep-ex",
    reportNumber = "CMS-SMP-15-008, CERN-EP-2017-039",
    doi = "10.1007/JHEP10(2017)072",
    journal = "JHEP",
    volume = "10",
    pages = "072",
    year = "2017"
}

@article{CMS:2021jji,
    author = "Tumasyan, Armen and others",
    collaboration = "CMS",
    title = "{Measurements of the pp $\to$ W$^\pm\gamma\gamma$ and pp $\to$ Z$\gamma\gamma$ cross sections at $\sqrt{s} =$ 13 TeV and limits on anomalous quartic gauge couplings}",
    eprint = "2105.12780",
    archivePrefix = "arXiv",
    primaryClass = "hep-ex",
    reportNumber = "CMS-SMP-19-013, CERN-EP-2021-073",
    doi = "10.1007/JHEP10(2021)174",
    journal = "JHEP",
    volume = "10",
    pages = "174",
    year = "2021"
}

@article{ATLAS:2023zkw,
    author = "Aad, Georges and others",
    collaboration = "ATLAS",
    title = "{Observation of WZ\ensuremath{\gamma} Production in pp Collisions at s=13\,\,TeV with the ATLAS Detector}",
    eprint = "2305.16994",
    archivePrefix = "arXiv",
    primaryClass = "hep-ex",
    reportNumber = "CERN-EP-2023-095",
    doi = "10.1103/PhysRevLett.132.021802",
    journal = "Phys. Rev. Lett.",
    volume = "132",
    number = "2",
    pages = "021802",
    year = "2024"
}

@article{CMS:2023rcv,
    author = "Hayrapetyan, Aram and others",
    collaboration = "CMS",
    title = "{Observation of WW$\gamma$ production and search for H$\gamma$ production in proton-proton collisions at $\sqrt{s}$ = 13 TeV}",
    eprint = "2310.05164",
    archivePrefix = "arXiv",
    primaryClass = "hep-ex",
    reportNumber = "CMS-SMP-22-006, CERN-EP-2023-203",
    doi = "10.1103/PhysRevLett.132.121901",
    journal = "Phys. Rev. Lett.",
    volume = "132",
    number = "12",
    pages = "121901",
    year = "2024"
}

@article{CMS:2020hjs,
    author = "Sirunyan, Albert M and others",
    collaboration = "CMS",
    title = "{Observation of the Production of Three Massive Gauge Bosons at $\sqrt {s}$ =13  TeV}",
    eprint = "2006.11191",
    archivePrefix = "arXiv",
    primaryClass = "hep-ex",
    reportNumber = "CMS-SMP-19-014, CERN-EP-2020-076",
    doi = "10.1103/PhysRevLett.125.151802",
    journal = "Phys. Rev. Lett.",
    volume = "125",
    number = "15",
    pages = "151802",
    year = "2020"
}

@article{ATLAS:2022xnu,
    author = "Aad, G. and others",
    collaboration = "ATLAS",
    title = "{Observation of $WWW$ Production in $pp$ Collisions at $\sqrt s$ =13\,\,TeV with the ATLAS Detector}",
    eprint = "2201.13045",
    archivePrefix = "arXiv",
    primaryClass = "hep-ex",
    reportNumber = "CERN-EP-2021-243",
    doi = "10.1103/PhysRevLett.129.061803",
    journal = "Phys. Rev. Lett.",
    volume = "129",
    number = "6",
    pages = "061803",
    year = "2022"
}
